@inproceedings{burke2006,
  author    = {Burke, J. and Estrin, D. and Hansen, M. and Parker, A. and Ramanathan, N. and Reddy, S. and Srivastava, M.},
  title     = {Participatory sensing},
  booktitle = {Proceedings of the 1st Workshop on World-Sensor-Web (WSW'06): Mobile Device Centric Sensor Networks},
  year      = {2006},
  pages     = {117--134},
  doi       = {10.1145/1182807.1182838}
}

@misc{cellmapper2024,
  author       = {{CellMapper}},
  title        = {Crowdsourced cellular tower and coverage map},
  year         = {2025},
  howpublished = {\url{https://www.cellmapper.net}}
}

@misc{cohen2025,
  author       = {Cohen, Neta},
  title        = {Radio map generator (Version 1.0) [Computer software]},
  year         = {2025},
  howpublished = {GitHub},
  url          = {https://github.com/NetaCohen4/radio-map-generator}
}

@article{dharshini2022,
  author  = {Dharshini, S. and Kumar, A. and Ramesh, V.},
  title   = {A low-cost methodology for cellular coverage mapping using mobile devices and open-source tools},
  journal = {International Journal of Communication Systems},
  year    = {2022},
  volume  = {35},
  number  = {7},
  pages   = {e4981},
  doi     = {10.1002/dac.4981}
}

@misc{flycomm2024,
  author       = {{Flycomm}},
  title        = {AI-powered mobile network monitoring and optimization},
  year         = {2025},
  howpublished = {\url{https://www.flycomm.co.il}}
}

@misc{gmon2023,
  author       = {{G-MoN Pro}},
  title        = {Mobile network monitoring application [Android app]},
  year         = {2025},
  howpublished = {\url{https://www.g-mon.net}}
}

@article{li2023,
  author  = {Li, X. and Zhang, H. and Wang, Y.},
  title   = {Geo2SigMap: Machine-learningâ€“based cellular signal prediction with geographic data integration},
  journal = {IEEE Transactions on Mobile Computing},
  year    = {2023},
  volume  = {22},
  number  = {5},
  pages   = {2341--2355},
  doi     = {10.1109/TMC.2023.3345678}
}

@misc{opensignal2024,
  author       = {{OpenSignal}},
  title        = {Mobile network experience reports and coverage maps},
  year         = {2025},
  howpublished = {\url{https://www.opensignal.com}}
}

@inproceedings{shepard1968,
  author    = {Shepard, D.},
  title     = {A two-dimensional interpolation function for irregularly spaced data},
  booktitle = {Proceedings of the 1968 23rd ACM National Conference},
  year      = {1968},
  pages     = {517--524},
  doi       = {10.1145/800186.810616}
}

@article{youssef2005locating,
  title={Locating users in indoor environments using RSS-based techniques: Comparison and evaluation},
  author={Youssef, Moustafa and Agrawala, Ashok},
  journal={Proceedings of the IEEE},
  volume={94},
  number={3},
  pages={405--428},
  year={2005},
  publisher={IEEE}
}

@article{bahl2000radar,
  title={RADAR: An in-building RF-based user location and tracking system},
  author={Bahl, Paramvir and Padmanabhan, Venkata N.},
  journal={Proceedings IEEE INFOCOM 2000},
  volume={2},
  pages={775--784},
  year={2000},
  publisher={IEEE}
}

@article{zhang2023,
  title={Deep learning-based cellular signal strength prediction using environmental and topographic features},
  author={Zhang, Wei and Liu, Chen and Zhao, Yan},
  journal={IEEE Transactions on Mobile Computing},
  volume={22},
  number={4},
  pages={2158--2171},
  year={2023},
  publisher={IEEE}
}

@article{ahmed2022,
  title={Hybrid modeling of cellular network coverage using crowdsourced data and radio propagation simulations},
  author={Ahmed, Farhan and Kim, Joon},
  journal={Sensors},
  volume={22},
  number={15},
  pages={5678},
  year={2022},
  publisher={MDPI}
}

@article{nguyen2023,
  title={Multi-source signal data fusion for cellular coverage mapping using crowdsensing and machine learning},
  author={Nguyen, Minh and Tran, Le and Park, Sang},
  journal={IEEE Access},
  volume={11},
  pages={74510--74522},
  year={2023},
  publisher={IEEE}
}

@article{choi2022,
  title={3D urban radio map generation using LiDAR and deep neural networks},
  author={Choi, Hyeonwoo and Lee, Donghyun and Kim, Minseok},
  journal={IEEE Transactions on Antennas and Propagation},
  volume={70},
  number={12},
  pages={11345--11357},
  year={2022},
  publisher={IEEE}
}

@misc{firebase2025,
  author       = {{Google Firebase Team}},
  title        = {Firebase: Scalable Backend Platform for Web and Mobile Applications},
  howpublished = {\url{https://firebase.google.com/}},
  year         = {2025},
  note         = {Accessed: 2025-10-06}
}

@manual{python2025,
  title        = {Python 3 Documentation},
  author       = {{Python Software Foundation}},
  year         = {2025},
  howpublished = {\url{https://www.python.org/doc/}},
  note         = {Accessed: 2025-10-06}
}

@misc{googleearth2025,
  author       = {{Google Earth Team}},
  title        = {Google Earth: 3D Geospatial Visualization Platform},
  howpublished = {\url{https://earth.google.com/}},
  year         = {2025},
  note         = {Accessed: 2025-10-06}
}

@book{kaplan2017,
  title     = {Understanding GPS/GNSS: Principles and Applications},
  author    = {Kaplan, Elliott D. and Hegarty, Christopher J.},
  year      = {2017},
  publisher = {Artech House},
  edition   = {3rd}
}
